<?xml version="1.0" encoding="UTF-8"?><collection xmlns="http://www.loc.gov/MARC21/slim"><record><leader>00606nam--2200181-i-4500</leader><controlfield tag="001">000001451</controlfield><controlfield tag="002">20161230</controlfield><controlfield tag="005">20161230201024</controlfield><controlfield tag="008">060222s1000------------r-----000-0-eng-d</controlfield><datafield ind1=" " ind2=" " tag="040"><subfield code="a">IFIN-HH</subfield></datafield><datafield ind1=" " ind2=" " tag="080"><subfield code="a">537.222.22:538.95:538.971</subfield></datafield><datafield ind1="1" ind2=" " tag="100"><subfield code="a">Frankl, Daniel R</subfield></datafield><datafield ind1="1" ind2="0" tag="245"><subfield code="a">International series of monographs on semiconductors</subfield><subfield code="b">Volume 7. electrical properties of semiconductor surface</subfield><subfield code="c">Frankl, daniel r</subfield></datafield><datafield ind1=" " ind2=" " tag="260"><subfield code="a">Oxford</subfield><subfield code="b">Pergamon Press</subfield><subfield code="c">1967</subfield></datafield><datafield ind1=" " ind2=" " tag="300"><subfield code="a">XV + 310 P</subfield></datafield><datafield ind1=" " ind2=" " tag="490"><subfield code="a">International Series Of Monographs On Semiconductors</subfield></datafield><datafield ind1=" " ind2=" " tag="852"><subfield code="a">16384</subfield><subfield code="c">537.311.33</subfield></datafield><datafield ind1=" " ind2=" " tag="CAT"><subfield code="a">Sys</subfield><subfield code="c">20110719</subfield><subfield code="h">091714</subfield></datafield></record></collection>